<?xml version="1.0" encoding="UTF-8"?><record xmlns="http://www.loc.gov/MARC21/slim" xmlns:cinclude="http://apache.org/cocoon/include/1.0" xmlns:zs="http://www.loc.gov/zing/srw/">
  <leader>00604nz  a2200133n  4500</leader>
  <controlfield tag="001">n 2012040785</controlfield>
  <controlfield tag="003">DLC</controlfield>
  <controlfield tag="005">20120621074856.0</controlfield>
  <controlfield tag="008">120620n| acannaabn          |a ana      </controlfield>
  <datafield tag="010" ind1=" " ind2=" ">
    <subfield code="a">n 2012040785</subfield>
  </datafield>
  <datafield tag="040" ind1=" " ind2=" ">
    <subfield code="a">DLC</subfield>
    <subfield code="b">eng</subfield>
    <subfield code="c">DLC</subfield>
  </datafield>
  <datafield tag="110" ind1="2" ind2=" ">
    <subfield code="a">Eugene Theatre Company</subfield>
  </datafield>
  <datafield tag="510" ind1="2" ind2=" ">
    <subfield code="w">b</subfield>
    <subfield code="a">Oregon Repertory Theatre</subfield>
  </datafield>
  <datafield tag="670" ind1=" " ind2=" ">
    <subfield code="a">NUCMC data from Lane County Historical Society and Museum for Oregon Repertory Theatre records, 1974-1979</subfield>
    <subfield code="b">(Oregon Repertory Theatre; formerly Eugene Theatre Company; professional theatre co. established in 1974 by group of performing artists; originally in Eugene; [may now be in Portland, Or.])</subfield>
  </datafield>
</record>